3082 5026
343 227 400 304 236

342 393 376 442 V.
388 393 422 442 D.
434 392 461 441 in
472 391 541 441 cuius
552 388 730 441 resurrectione
742 385 859 443 mirabili,
874 400 918 448 145

342 476 375 525 V.
387 475 421 524 D.
436 474 461 523 in
473 473 514 522 die
525 470 666 522 festivitatis
676 469 813 519 hodiernae
829 483 879 533 qua
894 467 920 516 b.

375 555 511 621 Johannes,
527 568 556 616 3²

344 638 375 688 V.
391 638 424 686 D.
439 637 464 686 in
476 636 517 685 die
528 632 669 684 festivitatis
680 632 817 681 hodiernae
830 645 880 694 qua
893 629 919 678 b.

378 720 481 785 Xystus,
496 734 525 784 91

345 800 377 848 V.
398 799 432 847 Ι).
453 798 479 846 in
499 797 540 847 die
560 795 700 845 festivitatis
718 793 854 843 hodiernae
873 806 923 856 qua

378 888 420 931 sca
432 880 549 940 Caecilia,
567 894 612 945 149

347 965 379 1013 V.
392 965 425 1013 D.
438 962 464 1011 in
475 963 517 1012 die
529 961 669 1012 festivitatis
679 960 816 1009 hodiernae
830 973 881 1022 quo
897 957 923 1006 b.

379 1047 423 1096 ille
435 1047 518 1110 Bapt,
531 1060 563 1111 19

347 1129 378 1177 V.
391 1128 424 1176 Ι).
437 1127 462 1176 in
478 1126 519 1175 die
534 1123 708 1174 sollemnitatis
721 1122 859 1171 hodiernae
874 1136 924 1185 qua

380 1209 405 1259 b.
421 1209 504 1268 Laur,
519 1210 551 1272 98

347 1292 379 1340 V.
395 1292 428 1340 D.
441 1290 468 1339 in
479 1289 520 1338 die
535 1285 710 1338 sollemnitatis
724 1286 860 1335 hodiernae
875 1299 925 1348 qua

382 1373 409 1422 S.
422 1371 547 1426 stefanus,
560 1370 591 1418 88

349 1454 380 1502 V.
396 1454 430 1502 D.
442 1453 468 1502 in
479 1452 520 1501 die
535 1448 710 1502 sollemnitatis
724 1447 861 1496 hodiernae
875 1461 926 1510 quo

381 1534 525 1587 humanam,
538 1528 569 1579 16

350 1617 382 1666 V.
396 1617 429 1665 D.
442 1614 520 1664 indie
535 1610 710 1662 sollemnitatis
724 1610 860 1659 hodiernae
876 1624 926 1674 quo

383 1693 449 1750 licet,
465 1692 511 1755 164

351 1777 384 1826 V.
396 1778 428 1826 D.
440 1777 466 1825 in
475 1775 626 1825 exultatione
635 1772 775 1823 festivitatis
783 1771 927 1827 hodiernae,

387 1878 432 1926 154

352 1945 383 1994 V.
405 1944 439 1993 D.
457 1944 483 1992 in
499 1942 634 1992 festivitate
650 1942 774 2007 praesenti
792 1957 842 2005 qua
861 1940 928 1989 beati

384 2027 508 2086 Andreae,
531 2039 575 2089 157

353 2110 385 2160 V.
405 2109 439 2157 D.
455 2110 481 2158 in
495 2109 543 2157 hac
558 2106 702 2157 celebritate
717 2106 854 2171 gaudentes
869 2120 927 2171 qua,

388 2208 432 2256 105

353 2274 386 2322 V.
399 2274 433 2322 Ι).
446 2273 472 2322 in
482 2273 532 2322 hac
542 2272 584 2321 die
595 2287 645 2336 qua
657 2257 701 2319 Ihs
712 2267 768 2331 Xis,
783 2286 813 2319 11
898 2300 900 2303 ν

353 2356 385 2404 V.
398 2356 431 2404 D.
445 2356 510 2404 inter
520 2354 646 2419 quaelibet
657 2353 724 2402 enim
736 2352 831 2412 mundi,
846 2350 878 2400 60

353 2438 385 2486 V.
399 2438 433 2486 Ι).
445 2437 509 2486 iusta
521 2437 587 2486 enim
600 2434 672 2485 nobis
683 2433 856 2494 exsultatione,
871 2448 899 2482 ai

354 2520 385 2569 V.
401 2520 435 2568 D.
448 2519 602 2568 maiestatem
614 2526 681 2566 tuam
694 2516 790 2566 cunctis
806 2515 927 2575 sensibus,

390 2616 436 2663 114

354 2683 387 2731 V.
400 2682 434 2731 D.
446 2681 602 2732 maiestatem
614 2689 681 2730 tuam
691 2679 788 2729 devotis
797 2677 931 2737 mentibus,

391 2779 434 2828 135

354 2847 387 2895 V.
405 2848 439 2896 D.
457 2847 611 2896 maiestatem
630 2852 697 2893 tuam
714 2842 858 2907 suppliciter
874 2858 932 2891 exo·

388 2937 478 2985 rantes,
497 2943 511 2990 5

356 3011 388 3059 V.
401 3012 435 3059 D.
447 3009 602 3058 maiestatem
614 3015 682 3056 tuam
694 3006 753 3056 totis
765 3006 886 3064 sensibus,
902 3017 932 3067 15

356 3095 388 3143 V.
402 3094 436 3142 D.
450 3093 539 3143 merito
556 3091 650 3142 etenim
668 3092 725 3139 Dr'te
742 3090 773 3139 de
791 3088 931 3153 triumphis,

392 3188 437 3240 153

357 3258 390 3306 V.
411 3258 445 3306 Ι).
466 3256 660 3306 misericordiam
680 3264 747 3304 tuam
768 3255 826 3304 Dne
845 3254 932 3318 depre-

390 3345 482 3394 cantes,
503 3340 548 3402 138

356 3421 388 3470 V.
402 3422 435 3470 D.
450 3421 578 3485 multoque
587 3418 666 3484 magis
676 3419 701 3467 in
710 3417 872 3482 archangelis,
888 3429 932 3479 107

356 3503 388 3551 V.
403 3503 434 3551 D.
450 3502 559 3552 natalem
570 3502 637 3551 diem
649 3503 684 3550 sci
696 3501 810 3565 martyris
821 3508 846 3549 et
854 3515 933 3549 sacer·

390 3585 464 3642 dotis,
477 3598 505 3649 91

358 3666 390 3713 V.
403 3667 437 3713 D.
449 3682 495 3715 nos
506 3664 573 3714 enim
585 3664 765 3728 temporalibus
773 3662 891 3728 flagellas,
902 3679 931 3726 41

358 3748 389 3795 V.
403 3748 437 3795 D.
450 3756 548 3797 orantes
560 3747 698 3811 potentiam
712 3755 779 3794 tuam
796 3762 827 3795 ne
841 3746 932 3803 dicant,

578 223 730 285 INDEX
757 221 818 284 OF
838 215 1128 281 LITURGICAL
1158 213 1349 277 FORMS.

970 383 1002 431 V.
1015 382 1048 430 D.
1064 381 1193 445 pretiosis
1208 380 1290 430 enim
1304 380 1446 438 mortibus,
1460 379 1500 431 166

971 463 1003 511 V.
1015 462 1049 510 D.
1062 461 1232 525 propensius
1245 470 1396 511 exorantes
1407 469 1435 510 ut
1446 461 1510 517 simt,
1520 475 1539 521 15

971 543 1003 591 V.
1016 542 1050 590 D.
1063 550 1204 606 prostrato
1219 543 1311 592 corde
1325 551 1466 608 poscentes
1475 551 1507 598 ut,
1517 541 1537 592 16

971 624 1003 672 V.
1016 624 1049 672 D.
1061 624 1194 688 pugnavit
1209 624 1291 673 enim
1302 625 1332 673 in
1342 625 1430 674 beatis
1439 632 1534 688 martyri·

1008 720 1036 771 ¹9

971 788 1004 836 V.
1016 787 1050 836 D.
1063 788 1192 852 quamvis
1205 788 1289 838 enim
1303 798 1414 840 scorum
1426 799 1517 840 tuorum
1532 813 1540 831 1

1004 878 1123 935 pagante,
1141 873 1178 936 98

972 951 1003 1000 V.
1019 951 1052 999 D.
1065 951 1191 1015 quamvis
1204 953 1289 1003 enim
1303 971 1416 1021 semper
1426 955 1454 1005 in
1464 955 1505 1015 tui,
1519 971 1539 1005 ιο

972 1033 1005 1081 V.
1018 1033 1052 1081 D.
1063 1034 1191 1098 quamvis
1204 1037 1288 1085 enim
1303 1046 1417 1087 tuomm
1428 1037 1519 1093 merita,

973 1115 1005 1164 V.
1018 1115 1051 1163 D.
1064 1115 1107 1180 qui
1120 1116 1157 1164 ad
1172 1116 1317 1168 maiorem
1331 1119 1494 1186 triumphum
1503 1120 1536 1175 dt.

1007 1211 1037 1260 33

974 1279 1006 1327 V.
1019 1278 1052 1326 Ι).
1065 1277 1108 1343 qui
1120 1280 1253 1331 ascendit
1264 1298 1355 1348 super
1363 1299 1458 1334 omnes
1466 1283 1533 1334 caela

973 1362 1006 1410 V.
1020 1362 1054 1410 D.
1065 1361 1109 1426 qui
1120 1363 1299 1415 caelestibus
1313 1366 1476 1433 disciplinis,
1486 1366 1515 1418 68

975 1445 1007 1493 V.
1020 1445 1053 1493 Ι).
1065 1443 1109 1509 qui
1121 1459 1186 1494 cum
1198 1446 1359 1500 desidiosis
1372 1457 1401 1500 et
1413 1450 1491 1510 duris,
1504 1452 1530 1500 81

975 1527 1007 1575 V.
1021 1528 1053 1576 Ι).
1065 1527 1184 1592 quicum
1199 1545 1319 1581 summa
1333 1533 1371 1583 sis
1385 1533 1475 1594 Ratio,
1492 1531 1532 1596 156

976 1610 1007 1659 V.
1023 1610 1056 1658 D.
1069 1611 1113 1674 qui
1124 1625 1221 1660 curam
1236 1614 1333 1664 nostri
1347 1631 1383 1664 ea
1396 1615 1504 1676 ratione,
1516 1613 1540 1677 65

976 1693 1009 1741 V.
1029 1692 1062 1740 D.
1082 1691 1126 1757 qui
1146 1693 1216 1742 dum
1239 1697 1423 1750 confessores
1445 1709 1501 1751 tuos
1519 1716 1541 1750 e·

1010 1790 1083 1835 nunc,
1103 1789 1118 1838 3

977 1861 1009 1909 V.
1022 1862 1055 1909 D.
1069 1860 1113 1926 qui
1125 1861 1262 1914 ecclesiae
1276 1873 1346 1918 tuae
1360 1876 1421 1919 toto
1434 1869 1503 1929 orbe,
1519 1885 1538 1919 t·

978 1945 1011 1993 V.
1025 1944 1057 1993 D.
1072 1943 1116 2008 qui
1127 1945 1278 1996 ecclesiam
1293 1957 1374 2000 tuam
1387 1968 1407 2001 a
1417 1951 1529 2002 diaboli·

978 2026 1010 2074 V.
1024 2025 1058 2073 D.
1070 2023 1113 2089 qui
1124 2024 1272 2078 ecclesiam
1287 2037 1369 2081 tuam
1383 2040 1412 2083 et
1424 2032 1510 2084 fovere
1525 2055 1541 2073 ··

1011 2106 1082 2164 ficiis,
1095 2109 1125 2156 81

978 2191 1012 2240 V.
1025 2192 1059 2239 D.
1074 2189 1118 2255 qui
1133 2191 1281 2242 ecclesiam
1300 2203 1382 2247 tuam
1399 2198 1430 2248 in
1446 2206 1533 2264 apost»

1085 2287 1095 2320 1

979 2287 1120 2419 V.3i)’.iqui
1135 2354 1280 2406 ecclesiam
1299 2365 1381 2410 tuam
1397 2361 1427 2410 in
1439 2372 1522 2428 apost
1540 2395 1541 2401 ,

1016 2455 1025 2488 1

980 2522 1012 2570 V.
1025 2450 1059 2569 1⁵)7.
1069 2520 1111 2585 qui
1120 2520 1259 2571 ecclesiam
1271 2532 1351 2575 tuam
1364 2527 1395 2576 in
1406 2528 1459 2578 tuis
1469 2526 1541 2578 fideli

981 2615 1072 2733 V.37D.
1094 2681 1138 2746 qui
1160 2683 1306 2735 ecclesiam
1332 2697 1413 2740 tuam
1438 2690 1541 2756 sempit

1015 2766 1114 2830 pietate,
1135 2780 1174 2830 59,
1196 2781 1228 2828 45

982 2849 1015 2897 V.
1028 2848 1060 2897 D.
1075 2847 1117 2912 qui
1129 2846 1190 2895 facis
1202 2847 1349 2911 mirabilia,
1371 2870 1382 2902 1
1388 2868 1424 2918 39

982 2930 1014 2978 V.
1027 2930 1061 2978 D.
1074 2928 1115 2992 qui
1127 2926 1236 2976 famulos
1247 2936 1313 2980 tuos
1327 2932 1397 2983 ideo
1414 2935 1540 3000 corporali

1018 3024 1061 3072 135

982 3091 1014 3139 V.
1028 3091 1060 3139 D.
1074 3089 1118 3155 qui
1129 3087 1236 3138 famulos
1248 3099 1313 3141 tuos
1325 3093 1484 3153 informare,
1497 3097 1530 3147 60

982 3172 1014 3220 V.
1028 3172 1061 3220 D.
1073 3170 1116 3236 qui
1128 3168 1215 3218 fideles
1227 3179 1287 3220 tuos
1299 3182 1400 3226 mutua
1412 3177 1519 3238 faciens,

982 3252 1014 3300 V.
1027 3252 1060 3301 D.
1075 3250 1118 3315 qui
1128 3250 1268 3299 humanum
1280 3268 1370 3315 genus
1384 3256 1465 3316 iusta,
1479 3262 1511 3320 84

982 3336 1014 3384 V.
1028 3336 1061 3384 D.
1074 3335 1116 3399 qui
1128 3333 1185 3382 ideo
1194 3332 1282 3384 differs
1293 3346 1357 3386 vota
1368 3343 1534 3404 poscentium

982 3418 1013 3466 V.
1030 3417 1062 3466 D.
1077 3415 1120 3482 qui
1132 3415 1189 3463 ideo
1200 3431 1247 3464 nos
1259 3415 1412 3482 imaginem
1426 3432 1507 3480 tuam,
1524 3439 1532 3472 1

984 3497 1016 3546 V.
1030 3497 1063 3545 D.
1080 3497 1122 3561 qui
1137 3495 1195 3545 ideo
1210 3499 1395 3559 praesentium
1413 3519 1500 3552 rerum
1516 3520 1534 3568 p

1016 3595 1083 3644 pera,
1098 3581 1130 3641 84

984 3662 1016 3709 V.
1028 3662 1061 3709 D.
1071 3661 1113 3726 qui
1122 3660 1148 3709 in
1157 3660 1286 3710 montibus
1295 3664 1347 3713 scis
1354 3668 1483 3718 caelestis
1492 3670 1541 3717 Hi-

1016 3742 1102 3803 salem,
1116 3739 1148 3803 46

394 3845 438 3879 1ο1
983 3826 1016 3874 V.
1029 3827 1063 3874 D.
1075 3825 1117 3890 qui
1128 3823 1249 3874 ineffabili
1257 3838 1429 3880 sacramento
1440 3831 1481 3881 ius
1491 3848 1535 3880 au

358 3913 391 3960 V.
404 3913 437 3960 Ι).
450 3920 555 3977 pascunt
566 3911 632 3961 enim
645 3919 747 3970 mesca,
765 3927 810 3974 114
1018 3923 1050 3969 40

359 3993 391 4042 V.
404 3994 437 4042 D.
451 4009 580 4059 perquem
592 4008 637 4042 nos
648 3993 714 4042 eruis
726 4008 740 4040 a
753 3993 869 4057 peccatis,
883 4005 895 4054 7
900 4005 912 4053 5
984 3990 1016 4037 V.
1031 3990 1064 4037 D.
1076 3989 1119 4054 qui
1131 3987 1300 4038 ineffabilibus
1312 3991 1403 4043 modis
1416 3993 1516 4052 hostes,
1531 4029 1538 4057 ,

359 4074 391 4123 V.
407 4075 440 4124 D.
455 4075 576 4139 pietatem
587 4082 655 4123 tuam
666 4074 733 4121 votis
744 4073 868 4128 omnibus,
881 4071 911 4121 61
985 4072 1017 4119 V.
1031 4072 1064 4120 D.
1079 4071 1121 4135 qui
1133 4070 1197 4120 inter
1208 4087 1322 4120 errorum
1334 4074 1476 4139 caligines,
1490 4096 1522 4143 ⁴3

359 4157 391 4206 V.
406 4158 439 4206 D.
454 4165 510 4221 post
523 4156 578 4205 illos
590 4156 657 4205 enim
669 4155 777 4204 laetitiae
789 4154 850 4213 dies,
866 4156 897 4204 18
986 4154 1017 4201 V.
1032 4154 1064 4202 D.
1079 4154 1123 4218 qui
1135 4153 1331 4202 mutabilitatem
1344 4166 1477 4218 nostram,
1492 4158 1525 4221 64

360 4240 392 4289 V.
417 4240 449 4288 D.
476 4239 664 4304 praevenientes
687 4236 796 4286 natalem
819 4237 885 4285 diem
910 4237 935 4284 b.
985 4238 1015 4285 V.
1033 4238 1066 4285 D.
1078 4237 1120 4301 qui
1133 4252 1183 4284 non
1195 4235 1276 4284 solum
1287 4235 1410 4288 debitum
1428 4243 1530 4298 mortis,

394 4320 520 4376 Laurenti,
539 4336 571 4385 94
1020 4334 1050 4383 3²

360 4401 392 4448 V.
405 4401 440 4448 D.
452 4402 586 4466 pretiosam
600 4407 705 4449 mortem
722 4399 755 4446 sci
773 4400 846 4446 laur.
863 4407 935 4447 mart.
988 4397 1019 4443 V.
1030 4397 1063 4443 D.
1074 4395 1117 4459 qui
1126 4411 1177 4444 non
1186 4395 1267 4443 solum
1277 4395 1419 4447 ineffabilis
1430 4400 1456 4449 in
1467 4419 1531 4452 exce

393 4483 437 4538 tui,
450 4498 482 4546 99
1023 4494 1064 4541 111
